@article{block,
title = {Family background variables as instruments for education in income regressions: A Bayesian analysis},
journal = {Economics of Education Review},
volume = {31},
number = {5},
pages = {515-523},
year = {2012},
issn = {0272-7757},
doi = {https://doi.org/10.1016/j.econedurev.2012.03.001},
url = {https://www.sciencedirect.com/science/article/pii/S027277571200026X},
author = {Lennart Hoogerheide and Block, J. and Roy Thurik},
keywords = {Education, Family background variables, Earnings, Income, Instrumental variables, Bayesian analysis, Exclusion restriction}
}