@book{metrics,
  title={Introduction to Econometrics, Third Update, Global Edition},
  author={Stock, J. H., and Watson, M. W.},
  year={2015},
  publisher={Pearson Education Limited}
}

@book{mince,
  title={Schooling, experience and earnings},
  author={Mincer, J.},
  year={1974},
  publisher={National Bureau of Economics, New York: Columbia University Press}
}

@article{ang,
 ISSN = {00129682, 14680262},
 URL = {http://www.jstor.org/stable/2951620},
 author = {Imbens, G.W. and Angrist, J.D.},
 journal = {Econometrica},
 number = {2},
 pages = {467--475},
 publisher = {[Wiley, Econometric Society]},
 title = {Identification and Estimation of Local Average Treatment Effects},
 volume = {62},
 year = {1994}
}

@article{return,
 ISSN = {08837252, 10991255},
 URL = {http://www.jstor.org/stable/25146329},
 author = {Koop, G. and Tobias, J.L.},
 journal = {Journal of Applied Econometrics},
 number = {7},
 pages = {827--849},
 publisher = {Wiley},
 title = {Learning about Heterogeneity in Returns to Schooling},
 volume = {19},
 year = {2004}
}

@Manual{metrics1,
    title = {{R-Intro}: {A}n Introduction to R},
    author = {Venables, W.N. and Smith, D.M.},
    note = {version 0.1.2},
    year = {2010},
    url={https://cran.r-project.org/doc/manuals/r-release/R-intro.pdf}
  }

@TECHREPORT{isco,
title = {International Standard Classification of Occupations: Structure, Group Definitions and Correspondence Tables},
publisher = {International Labour Organization},
year = {2012},
volume = {1},
institution = {International Labour Office, Geneva},
type = {ISCO - 08},
}

@article{hertz,
Author = {Hertz, Thomas},
Title = {Upward Bias in the Estimated Returns to Education: Evidence from South Africa},
Journal = {American Economic Review},
Volume = {93},
Number = {4},
Year = {2003},
Month = {September},
Pages = {1354-1368},
DOI = {10.1257/000282803769206331},
URL = {https://www.aeaweb.org/articles?id=10.1257/000282803769206331}
}

@TECHREPORT{nids5,
title = {National Income Dynamics Study panel user manual},
author ={Brophy, T. and Branson, N. and Daniels, R.C. and Leibbrandt, M. and Mlatsheni, C. and Woolard, I.},
publisher = {Southern Africa Labour and Development Research Unit},
year = {2018},
volume = {1},
institution = {Cape Town: Southern Africa Labour and Development Research Unit},
type = {Release 2018. Version 1},
}

@TECHREPORT{nids1,
title = {Methodology: Report on NIDS Wave 1 },
publisher = {Southern Africa Labour and Development Research Unit},
author ={de Villiers, L. and Leibbrandt, M. and Woolard, I},
year = {2009},
volume = {1},
institution = {Cape Town: Southern Africa Labour and Development Research Unit},
type = {Technical Paper no. 1},
}

@TECHREPORT{disc,
title = {Ability Bias, Discount Rate Bias and the Return to Education},
author = {Lang, Kevin},
year = {1993},
institution = {University Library of Munich, Germany},
type = {MPRA Paper},
url = {https://EconPapers.repec.org/RePEc:pra:mprapa:24651}
}

@manual{nids,
 title = {National Income Dynamics Study 2017, Wave 5 dataset},
 organisation = {Southern Africa Labour and Development Research Unit},
 year = {2018},
 publisher = {Department of Planning, Monitoring, and Evaluation [funding agency] & DataFirst [distributor]},
 address = {Cape Town, South Africa},
 note = {version 1.0.0},
 url = {https://doi.org/10.25828/fw3h-v708}
 }

@article{R,
  title={Principles of Econometrics with R},
  author={Colonescu, Constantin},
  volume={11},
  year={2016},
  url = {https://bookdown.org/ccolonescu/RPoE4/}
}

  @Manual{Texevier,
    title = {{Texevier}: {P}ackage to create Elsevier templates for Rmarkdown},
    author = {N.F. Katzke},
    organization = {Bureau for Economic Research},
    address = {Stellenbosch, South Africa},
    note = {version 0.1.2},
    year = {2017},
  }
